<?xml version="1.0" encoding="UTF-8"?><collection xmlns="http://www.loc.gov/MARC21/slim"><record><leader>00474nam--2200133-i-4500</leader><controlfield tag="001">000011198</controlfield><controlfield tag="002">20161230</controlfield><controlfield tag="005">20161230201029</controlfield><controlfield tag="008">060222s1000------------r-----000-0-eng-d</controlfield><datafield ind1=" " ind2=" " tag="080"><subfield code="a">061.62(047:016)(41-4):54(047:016)(41-4)</subfield></datafield><datafield ind1=" " ind2=" " tag="245"><subfield code="a">Aere harwell apllied chemistry division un- classified progress report and bibliography. for the period lst may 1974 to 31st march, 1975</subfield></datafield><datafield ind1=" " ind2=" " tag="260"><subfield code="a">Harwell, United Kingdom Atomic Energy Authority, 1975 26 P</subfield></datafield><datafield ind1=" " ind2=" " tag="490"><subfield code="a">12</subfield></datafield><datafield ind1=" " ind2=" " tag="852"><subfield code="a">50811</subfield></datafield></record></collection>